<record><leader>00000cas a2200000 i 4500</leader><controlfield tag="001">17252586</controlfield><controlfield tag="008">871217d19381940cauwr pe      0    0eng c</controlfield><datafield ind1=" " ind2=" " tag="010"><subfield code="a">sn 98061502 </subfield></datafield><datafield ind1=" " ind2=" " tag="040"><subfield code="a">NYS</subfield><subfield code="b">eng</subfield><subfield code="e">rda</subfield><subfield code="c">NYS</subfield><subfield code="d">DLC</subfield><subfield code="d">CNK</subfield><subfield code="d">OCLCQ</subfield><subfield code="d">OCLCF</subfield><subfield code="d">OCLCO</subfield><subfield code="d">NDD</subfield></datafield><datafield ind1="1" ind2=" " tag="029"><subfield code="a">AU@</subfield><subfield code="b">000025926309</subfield></datafield><datafield ind1=" " ind2=" " tag="042"><subfield code="a">msc</subfield></datafield><datafield ind1=" " ind2=" " tag="043"><subfield code="a">n-us-ca</subfield></datafield><datafield ind1="1" ind2="4" tag="050"><subfield code="a">PN1993.5.U65</subfield><subfield code="b">H64</subfield></datafield><datafield ind1="0" ind2=" " tag="130"><subfield code="a">Hollywood Now (Hollywood, Calif.)</subfield></datafield><datafield ind1="0" ind2="0" tag="245"><subfield code="a">Hollywood Now.</subfield></datafield><datafield ind1=" " ind2=" " tag="260"><subfield code="a">Hollywood, Calif. :</subfield><subfield code="b">Hollywood Anti-Nazi League in Defense of American Democracy</subfield></datafield><datafield ind1=" " ind2=" " tag="310"><subfield code="a">Weekly</subfield></datafield><datafield ind1=" " ind2=" " tag="336"><subfield code="a">text</subfield><subfield code="b">txt</subfield><subfield code="2">rdacontent</subfield></datafield><datafield ind1=" " ind2=" " tag="337"><subfield code="a">unmediated</subfield><subfield code="b">n</subfield><subfield code="2">rdamedia</subfield></datafield><datafield ind1=" " ind2=" " tag="338"><subfield code="a">volume</subfield><subfield code="b">nc</subfield><subfield code="2">rdacarrier</subfield></datafield><datafield ind1="1" ind2=" " tag="362"><subfield code="a">Began in 1938; ceased in 1940.</subfield></datafield><datafield ind1=" " ind2=" " tag="500"><subfield code="a">"A journal in defense of American democracy."</subfield></datafield><datafield ind1=" " ind2=" " tag="515"><subfield code="a">Numbering is irregular.</subfield></datafield><datafield ind1=" " ind2=" " tag="588"><subfield code="a">Description based on: Vol. II, no. 2 (January 26, 1938).</subfield></datafield><datafield ind1=" " ind2=" " tag="588"><subfield code="a">Latest issue consulted: Vol. IV, no. 4 (February 2, 1940).</subfield></datafield><datafield ind1="2" ind2="0" tag="610"><subfield code="a">Hollywood Anti-Nazi League</subfield><subfield code="v">Periodicals.</subfield></datafield><datafield ind1=" " ind2="0" tag="650"><subfield code="a">Anti-Nazi movement</subfield><subfield code="z">United States</subfield><subfield code="v">Periodicals.</subfield></datafield><datafield ind1=" " ind2="7" tag="655"><subfield code="a">Periodicals.</subfield><subfield code="2">fast</subfield><subfield code="0">(OCoLC)fst01411641</subfield></datafield><datafield ind1="2" ind2="7" tag="610"><subfield code="a">Hollywood Anti-Nazi League.</subfield><subfield code="2">fast</subfield><subfield code="0">(OCoLC)fst01979608</subfield></datafield><datafield ind1=" " ind2="7" tag="650"><subfield code="a">Anti-Nazi movement.</subfield><subfield code="2">fast</subfield><subfield code="0">(OCoLC)fst00810297</subfield></datafield><datafield ind1=" " ind2="7" tag="651"><subfield code="a">United States.</subfield><subfield code="2">fast</subfield><subfield code="0">(OCoLC)fst01204155</subfield></datafield><datafield ind1="2" ind2=" " tag="710"><subfield code="a">Hollywood Anti-Nazi League,</subfield><subfield code="e">publisher.</subfield></datafield></record>